@article{annurev,
  title={Multiscale simulation of soft matter: From scale bridging to adaptive resolution},
  author={Praprotnik, M. and Delle Site, L. and Kremer, K.},
  journal={Annu. Rev. Phys. Chem.},
  volume={59},
  pages={545--571},
  year={2008},
  publisher={Annual Reviews}
}                  

@ARTICLE{jcp,
  author = {Praprotnik, M. and Delle Site, L. and Kremer, K.},
  title = {Adaptive resolution molecular-dynamics simulation: Changing the degrees of freedom on the fly},
  journal = {The Journal of Chemical Physics},
  year = {2005},
  volume = {123},
  pages = {224106},
  file = {praprotnik2005adaptive.pdf:praprotnik2005adaptive.pdf:PDF},
  timestamp = {2012.02.16}
}

@ARTICLE{pre,
  author = {Praprotnik, M. and Delle Site, L. and Kremer, K.},
  title = {Adaptive resolution scheme for efficient hybrid atomistic-mesoscale
	molecular dynamics simulations of dense liquids},
  journal = {Physical Review E},
  year = {2006},
  volume = {73},
  pages = {066701},
  number = {6},
  file = {praprotnik2006adaptive.pdf:praprotnik2006adaptive.pdf:PDF},
  publisher = {APS},
  timestamp = {2012.02.16}
}

@article{presolo,
  title={Some fundamental problems for an energy-conserving adaptive-resolution molecular dynamics scheme},
  author={Delle Site, L.},
  journal={Physical Review E},
  volume={76},
  number={4},
  pages={047701},
  year={2007},
  publisher={APS}
}

@article{prlcomm,
  title={Comment on “Adaptive Multiscale Molecular Dynamics of Macromolecular Fluids”},
  author={Praprotnik, M. and Poblete, S. and Delle Site, L. and Kremer, K.},
  journal={Physical Review Letters},
  volume={107},
  number={9},
  pages={99801},
  year={2011},
  publisher={APS}
}

@article{prlgc,
  title={Adaptive Resolution Molecular Dynamics Simulation Through Coupling to an Internal Particle Reservoir},
  author={Fritsch, S. and Poblete, S. and Junghans, C. and Ciccotti, G. and Delle Site, L. and Kremer, K.},
  journal={Physical Review Letters},
  volume={in press},
  year={2012},
  publisher={APS}
}


@article{simon,
  title={Coupling different levels of resolution in molecular simulations},
  author={Poblete, S. and Praprotnik, M. and Kremer, K. and Delle Site, L.},
  journal={The Journal of Chemical Physics},
  volume={132},
  pages={114101},
  year={2010}
}

@article{ibm,
  title={Deriving effective mesoscale potentials from atomistic simulations},
  author={Reith, D. and P{\"u}tz, M. and M{\"u}ller-Plathe, F.},
  journal={Journal of computational chemistry},
  volume={24},
  number={13},
  pages={1624--1636},
  year={2003},
  publisher={Wiley Online Library}
}

@article{han,
  title={Comparative atomistic and coarse-grained study of water: What do we lose by coarse-graining?},
  author={Wang, H. and Junghans, C. and Kremer, K.},
  journal={The European Physical Journal E: Soft Matter and Biological Physics},
  volume={28},
  number={2},
  pages={221--229},
  year={2009},
  publisher={Springer}
}

@article{debash,
  title={Kirkwood-Buff analysis of liquid mixtures in an open boundary simulation},
  author={Mukherji, D. and van der Vegt, N.F.A. and Kremer, K. and Delle Site, L.},
  journal={Journal of Chemical Theory and Computation},
  volume={8},
  number={2},
  pages={375--379},
  year={2012},
  publisher={ACS Publications}
}


@article{jstatphyskurt,
  title={Statistical Physics Problems in Adaptive Resolution Computer Simulations of Complex Fluids},
  author={Praprotnik, M. and Poblete, S. and Kremer, K.},
  journal={Journal of Statistical Physics},
  volume={145},
  number={4},
  pages={946--966},
  year={2011},
  publisher={Springer}
}

@article{adolfo2,
  title={Adaptive resolution simulation of liquid para-hydrogen: testing the robustness of the quantum-classical adaptive coupling},
  author={Poma, A.B. and Delle Site, L.},
  journal={Phys. Chem. Chem. Phys.},
  volume={13},
  number={22},
  pages={10510--10519},
  year={2011},
  publisher={The Royal Society of Chemistry}
}

@article{adolfo1,
  title={Classical to path-integral adaptive resolution in molecular simulation: towards a smooth quantum-classical coupling},
  author={Poma, A.B. and Delle Site, L.},
  journal={Physical Review Letters},
  volume={104},
  number={25},
  pages={250201},
  year={2010},
  publisher={APS}
}

@article{potestio2012quantum,
  title={{Quantum locality and equilibrium properties in low-temperature parahydrogen: A multiscale simulation study}},
  author={Potestio, R. and Delle Site, L.},
  journal={Journal of Chemical Physics},
  volume={136},
  number={5},
  pages={54101},
  year={2012}
}


@ARTICLE{gromacs,
  author = {Hess, B. and Kutzner, C. and van der Spoel, D. and Lindahl, E.},
  title = {Gromacs 4: Algorithms for highly efficient, load-balanced, and scalable
	molecular simulation},
  journal = {Journal of Chemical Theory and Computation},
  year = {2008},
  volume = {4},
  pages = {435--447},
  number = {3},
  file = {hess2008gromacs.pdf:hess2008gromacs.pdf:PDF},
  publisher = {ACS Publications},
  timestamp = {2010.05.17}
}


@ARTICLE{praprotnik2007adaptive1,
  author = {Praprotnik, M. and Kremer, K. and Delle Site, L.},
  title = {Adaptive molecular resolution via a continuous change of the phase
	space dimensionality},
  journal = {Physical Review E},
  year = {2007},
  volume = {75},
  pages = {017701},
  number = {1},
  file = {praprotnik2007adaptive1.pdf:praprotnik2007adaptive1.pdf:PDF},
  publisher = {APS},
  timestamp = {2012.02.16}
}

@ARTICLE{praprotnik2007fractional,
  author = {Praprotnik, M. and Kremer, K. and Site, L.D.},
  title = {Fractional dimensions of phase space variables: a tool for varying
	the degrees of freedom of a system in a multiscale treatment},
  journal = {Journal of Physics A: Mathematical and Theoretical},
  year = {2007},
  volume = {40},
  pages = {F281},
  file = {praprotnik2007fractional.pdf:praprotnik2007fractional.pdf:PDF},
  publisher = {IOP Publishing},
  timestamp = {2011.10.05}
}

@BOOK{allen1990computer,
  title = {Computer simulation of liquids},
  publisher = {Oxford University Press, USA},
  year = {1990},
  author = {Allen, MP and Tildesley, DJ},
  file = {allen1990computer.pdf:allen1990computer.pdf:PDF},
  timestamp = {2010.05.14}
}

@ARTICLE{junghans2010reference,
  author = {Junghans, C. and Poblete, S.},
  title = {A reference implementation of the adaptive resolution scheme in ESPResSo},
  journal = {Computer Physics Communications},
  year = {2010},
  volume = {181},
  pages = {1449--1454},
  number = {8},
  file = {junghans2010reference.pdf:junghans2010reference.pdf:PDF},
  publisher = {Elsevier},
  timestamp = {2011.09.22}
}

@article{limbach2006espresso,
  title={ESPResSo--an extensible simulation package for research on soft matter systems},
  author={Limbach, H.J. and Arnold, A. and Mann, B.A. and Holm, C.},
  journal={Computer Physics Communications},
  volume={174},
  number={9},
  pages={704--727},
  year={2006},
  publisher={Elsevier}
}

@ARTICLE{praprotnik2005adaptive,
  author = {Praprotnik, M. and Delle Site, L. and Kremer, K.},
  title = {Adaptive resolution molecular-dynamics simulation: Changing the degrees
	of freedom on the fly},
  journal = {The Journal of chemical physics},
  year = {2005},
  volume = {123},
  pages = {224106},
  file = {praprotnik2005adaptive.pdf:praprotnik2005adaptive.pdf:PDF},
  timestamp = {2012.02.16}
}

@ARTICLE{praprotnik2006adaptive,
  author = {Praprotnik, M. and Delle Site, L. and Kremer, K.},
  title = {Adaptive resolution scheme for efficient hybrid atomistic-mesoscale
	molecular dynamics simulations of dense liquids},
  journal = {Physical Review E},
  year = {2006},
  volume = {73},
  pages = {066701},
  number = {6},
  file = {praprotnik2006adaptive.pdf:praprotnik2006adaptive.pdf:PDF},
  publisher = {APS},
  timestamp = {2012.02.16}
}

@ARTICLE{delgado2009coupling,
  author = {Delgado-Buscalioni, R. and Kremer, K. and Praprotnik, M.},
  title = {Coupling atomistic and continuum hydrodynamics through a mesoscopic
	model: Application to liquid water},
  journal = {The Journal of Chemical Physics},
  year = {2009},
  volume = {131},
  pages = {244107},
  file = {delgado2009coupling.pdf:delgado2009coupling.pdf:PDF},
  timestamp = {2011.09.20}
}

@ARTICLE{matysiak2008modeling,
  author = {Matysiak, S. and Clementi, C. and Praprotnik, M. and Kremer, K. and
	Delle Site, L.},
  title = {Modeling diffusive dynamics in adaptive resolution simulation of
	liquid water},
  journal = {The Journal of chemical physics},
  year = {2008},
  volume = {128},
  pages = {024503},
  file = {matysiak2008modeling.pdf:matysiak2008modeling.pdf:PDF},
  timestamp = {2011.10.05}
}

@ARTICLE{lambeth2010communication,
  author = {Lambeth, B.P. and Junghans, C. and Kremer, K. and Clementi, C. and
	Site, L.D.},
  title = {Communication: On the locality of Hydrogen bond networks at hydrophobic
	interfaces},
  journal = {The Journal of chemical physics},
  year = {2010},
  volume = {133},
  pages = {221101},
  number = {22},
  file = {lambeth2010communication.pdf:lambeth2010communication.pdf:PDF},
  publisher = {American Institute of Physics},
  timestamp = {2012.02.16}
}

@ARTICLE{shaw2010atomic,
  author = {Shaw, D.E. and Maragakis, P. and Lindorff-Larsen, K. and Piana, S.
	and Dror, R.O. and Eastwood, M.P. and Bank, J.A. and Jumper, J.M.
	and Salmon, J.K. and Shan, Y. and Wriggers, W.},
  title = {Atomic-level characterization of the structural dynamics of proteins},
  journal = {Science},
  year = {2010},
  volume = {330},
  pages = {341},
  number = {6002},
  file = {shaw2010atomic.pdf:shaw2010atomic.pdf:PDF;supporting material:shaw2010atomic.supporting.pdf:PDF},
  publisher = {American Association for the Advancement of Science},
  timestamp = {2012.02.16}
}


@BOOK{voth2009coarse,
  title = {Coarse-graining of condensed phase and biomolecular systems},
  publisher = {CRC Press Inc.},
  year = {2009},
  author = {Voth, G.A.},
  timestamp = {2012.02.16}
}

@ARTICLE{peter2008classical,
  author = {Peter, C. and Delle Site, L. and Kremer, K.},
  title = {Classical simulations from the atomistic to the mesoscale and back:
	coarse graining an azobenzene liquid crystal},
  journal = {Soft Matter},
  year = {2008},
  volume = {4},
  pages = {859--869},
  number = {4},
  file = {peter2008classical.pdf:peter2008classical.pdf:PDF},
  publisher = {The Royal Society of Chemistry},
  timestamp = {2012.02.16}
}
                  

@ARTICLE{peter2009multiscale,
  author = {Peter, C. and Kremer, K.},
  title = {Multiscale simulation of soft matter systems--from the atomistic
	to the coarse-grained level and back},
  journal = {Soft Matter},
  year = {2009},
  volume = {5},
  pages = {4357--4366},
  number = {22},
  file = {peter2009multiscale.pdf:peter2009multiscale.pdf:PDF},
  publisher = {The Royal Society of Chemistry},
  timestamp = {2012.02.16}
}                  


@article{berendsen1987missing,
  title={The missing term in effective pair potentials},
  author={Berendsen, HJC and Grigera, JR and Straatsma, TP},
  journal={Journal of Physical Chemistry},
  volume={91},
  number={24},
  pages={6269--6271},
  year={1987},
  publisher={ACS Publications}
}


@article{ruehle2009versatile,
  title={Versatile object-oriented toolkit for coarse-graining applications},
  author={R\"uhle, V. and Junghans, C. and Lukyanov, A. and Kremer, K. and Andrienko, D.},
  journal={Journal of Chemical Theory and Computation},
  volume={5},
  number={12},
  pages={3211--3223},
  year={2009},
  publisher={ACS Publications}
}

@article{poblete2010coupling,
  title={Coupling different levels of resolution in molecular simulations},
  author={Poblete, S. and Praprotnik, M. and Kremer, K. and Delle Site, L.},
  journal={The Journal of chemical physics},
  volume={132},
  pages={114101},
  year={2010}
}

@article{fritsch2011grand,
  title={Grand canonical Molecular Dynamics Simulations},
  author={Fritsch, S. and Poblete, S. and Junghans, C. and Ciccotti, G. and Delle Site, L. and Kremer, K.},
  journal={Arxiv preprint arXiv:1112.3151},
  year={2011}
}


@article{wang2009comparative,
  title={Comparative atomistic and coarse-grained study of water: What do we lose by coarse-graining?},
  author={Wang, H. and Junghans, C. and Kremer, K.},
  journal={The European Physical Journal E: Soft Matter and Biological Physics},
  volume={28},
  number={2},
  pages={221--229},
  year={2009},
  publisher={Springer}
}

@article{reith2003deriving,
  title={Deriving effective mesoscale potentials from atomistic simulations},
  author={Reith, D. and P{\"u}tz, M. and M{\"u}ller-Plathe, F.},
  journal={Journal of computational chemistry},
  volume={24},
  number={13},
  pages={1624--1636},
  year={2003},
  publisher={Wiley Online Library}
}

@ARTICLE{mueller2002coarse,
  author = {M{\"u}ller-Plathe, F.},
  title = {Coarse-Graining in Polymer Simulation: From the Atomistic to the
	Mesoscopic Scale and Back},
  journal = {ChemPhysChem},
  year = {2002},
  volume = {3},
  pages = {754--769},
  number = {9},
  file = {mueller2002coarse.pdf:mueller2002coarse.pdf:PDF},
  publisher = {Wiley Online Library},
  timestamp = {2011.12.28}
}

@BOOK{tuckeman2010statistical,
  title = {Statistical Mechanics: Theory and Molecular Simulation},
  publisher = {Oxford University Press, USA},
  year = {2010},
  author = {Tuckerman, M.E.},
  file = {tuckeman2010statistical.pdf:tuckeman2010statistical.pdf:PDF},
  timestamp = {2010.07.19}
}
